
@article{sooneste2013,
	title = {Effects of Training Volume on Strength and Hypertrophy in Young Men},
	author = {Sooneste, Heiki and Tanimoto, Michiya and Kakigi, Ryo and Saga, Norio and Katamoto, Shizuo},
	year = {2013},
	month = {01},
	date = {2013-01},
	journal = {Journal of Strength and Conditioning Research},
	pages = {8--13},
	volume = {27},
	number = {1},
	doi = {10.1519/JSC.0b013e3182679215},
	url = {https://journals.lww.com/00124278-201301000-00002},
	langid = {en}
}

@article{radaelli2015,
	title = {Dose-Response of 1, 3, and 5 Sets of Resistance Exercise on Strength, Local Muscular Endurance, and Hypertrophy},
	author = {Radaelli, Regis and Fleck, Steven J. and Leite, Thalita and Leite, Richard D. and Pinto, Ronei S. and Fernandes, Liliam and {Simão}, Roberto},
	year = {2015},
	month = {05},
	date = {2015-05},
	journal = {Journal of Strength and Conditioning Research},
	pages = {1349--1358},
	volume = {29},
	number = {5},
	doi = {10.1519/JSC.0000000000000758},
	url = {https://journals.lww.com/00124278-201505000-00025},
	langid = {en}
}

@article{cannon2010,
	title = {Early-phase neuromuscular adaptations to high- and low-volume resistance training in untrained young and older women},
	author = {Cannon, Jack and Marino, Frank E.},
	year = {2010},
	month = {12},
	date = {2010-12},
	journal = {Journal of Sports Sciences},
	pages = {1505--1514},
	volume = {28},
	number = {14},
	doi = {10.1080/02640414.2010.517544},
	url = {http://www.tandfonline.com/doi/abs/10.1080/02640414.2010.517544},
	langid = {en}
}

@article{mitchell2012,
	title = {Resistance exercise load does not determine training-mediated hypertrophic gains in young men},
	author = {Mitchell, Cameron J. and Churchward-Venne, Tyler A. and West, Daniel W. D. and Burd, Nicholas A. and Breen, Leigh and Baker, Steven K. and Phillips, Stuart M.},
	year = {2012},
	month = {07},
	date = {2012-07-01},
	journal = {Journal of Applied Physiology},
	pages = {71--77},
	volume = {113},
	number = {1},
	doi = {10.1152/japplphysiol.00307.2012},
	url = {https://www.physiology.org/doi/10.1152/japplphysiol.00307.2012},
	langid = {en}
}

@article{hammarström2020,
	title = {Benefits of higher resistance{-}training volume are related to ribosome biogenesis},
	author = {{Hammarström}, Daniel and {Øfsteng}, Sjur and Koll, Lise and Hanestadhaugen, Marita and Hollan, Ivana and {Apró}, William and Whist, Jon Elling and Blomstrand, Eva and {Rønnestad}, Bent R. and Ellefsen, Stian},
	year = {2020},
	month = {02},
	date = {2020-02},
	journal = {The Journal of Physiology},
	pages = {543--565},
	volume = {598},
	number = {3},
	doi = {10.1113/JP278455},
	url = {https://physoc.onlinelibrary.wiley.com/doi/10.1113/JP278455},
	langid = {en}
} 

@Manual{rstudio,
    title = {RStudio: Integrated Development Environment for R},
    author = {{Posit team}},
    organization = {Posit Software, PBC},
    address = {Boston, MA},
    year = {2023},
    url = {http://www.posit.co/},
  }

@article{carpinelli1998,
	title = {Strength Training: Single Versus Multiple Sets},
	author = {Carpinelli, Ralph N. and Otto, Robert M.},
	year = {1998},
	date = {1998},
	journal = {Sports Medicine},
	pages = {73--84},
	volume = {26},
	number = {2},
	doi = {10.2165/00007256-199826020-00002},
	url = {http://link.springer.com/10.2165/00007256-199826020-00002},
	langid = {en}
}

@article{marx2001,
	title = {Low-volume circuit versus high-volume periodized resistance training in women:},
	author = {Marx, James O. and Ratamess, Nicholas A. and Nindl, Bradley C. and Gotshalk, Lincoln A. and Volek, Jeff S. and Dohi, Keiichiro and Bush, Jill A. and {G??Mez}, Ana L. and Mazzetti, Scott A. and Fleck, Steven J. and {H??Kkinen}, Keijo and Newton, Robert U. and Kraemer, William J.},
	year = {2001},
	month = {04},
	date = {2001-04},
	journal = {Medicine and Science in Sports and Exercise},
	pages = {635--643},
	doi = {10.1097/00005768-200104000-00019},
	url = {http://journals.lww.com/00005768-200104000-00019},
	langid = {en}
}

@article{messier1985,
	title = {Alterations in Strength and Maximal Oxygen Uptake Consequent to Nautilus Circuit Weight Training},
	author = {Messier, Stephen P. and Dill, Mary Elizabeth},
	year = {1985},
	month = {12},
	date = {1985-12},
	journal = {Research Quarterly for Exercise and Sport},
	pages = {345--351},
	volume = {56},
	number = {4},
	doi = {10.1080/02701367.1985.10605339},
	url = {http://www.tandfonline.com/doi/abs/10.1080/02701367.1985.10605339},
	langid = {en}
}

@article{progress2009,
	title = {Progression Models in Resistance Training for Healthy Adults},
	year = {2009},
	month = {03},
	date = {2009-03},
	journal = {Medicine & Science in Sports & Exercise},
	pages = {687--708},
	volume = {41},
	number = {3},
	doi = {10.1249/MSS.0b013e3181915670},
	url = {https://journals.lww.com/00005768-200903000-00026},
	langid = {en}
}

@article{krieger2009,
	title = {Single Versus Multiple Sets of Resistance Exercise: A Meta-Regression},
	author = {Krieger, James W},
	year = {2009},
	month = {09},
	date = {2009-09},
	journal = {Journal of Strength and Conditioning Research},
	pages = {1890--1901},
	volume = {23},
	number = {6},
	doi = {10.1519/JSC.0b013e3181b370be},
	url = {https://journals.lww.com/00124278-200909000-00037},
	langid = {en}
}

@article{starkey1996,
	title = {Effect of resistance training volume on strength and muscle thickness:},
	author = {Starkey, David B. and Pollock, Michael L. and Ishida, Yoshi and Welsch, Michael A. and Brechue, William F. and Graves, James E. and Feigenbaum, Matthew S.},
	year = {1996},
	month = {10},
	date = {1996-10},
	journal = {Medicine & Science in Sports & Exercise},
	pages = {1311--1320},
	volume = {28},
	number = {10},
	doi = {10.1097/00005768-199610000-00016},
	url = {http://journals.lww.com/00005768-199610000-00016},
	langid = {en}
}
